@book{fowler2018refactoring,
  title={Refactoring: improving the design of existing code},
  author={Fowler, Martin},
  year={2018},
  publisher={Addison-Wesley Professional}
}

@book{martin2009clean,
  title={Clean code: a handbook of agile software craftsmanship},
  author={Martin, Robert C},
  year={2009},
  publisher={Pearson Education}
}

@Book{martraire2019living,
    author = {Martraire, Cyrille},
    title = {Living documentation : continuous knowledge sharing by design},
    publisher = {Addison-Wesley},
    year = {2019},
    address = {Boston},
    isbn = {978-0134689326}
}

@book{oliveira2018pytest,
  title={pytest Quick Start Guide: Write better Python code with simple and maintainable tests},
  author={Oliveira, Bruno},
  year={2018},
  publisher={Packt Publishing Ltd}
}

@book{percival2014test,
  title={Test-driven development with Python: obey the testing goat: using Django, Selenium, and JavaScript},
  author={Percival, Harry},
  year={2014},
  publisher={" O'Reilly Media, Inc."}
}

@misc{matching-project,
   author = {The Matching library developers},
   title = {Matching: v1.4},
   year = {2020},
   doi = {10.5281/zenodo.4244776},
   url = {https://doi.org/10.5281/zenodo.4244776}
}

@book{gusfield1989stable,
  title={The stable marriage problem: structure and algorithms},
  author={Gusfield, Dan and Irving, Robert W},
  year={1989},
  publisher={MIT press}
}

@book{knight2022applied,
  title={Applied Mathematics with Open-source Software: Operational Research Problems with Python and R},
  author={Knight, Vincent and Palmer, Geraint},
  year={2022},
  publisher={CRC Press}
}

@book{bressoud1999proofs,
  title={Proofs and confirmations: the story of the alternating-sign matrix conjecture},
  author={Bressoud, David M},
  year={1999},
  publisher={Cambridge University Press}
}

@article{selvin1975monty,
  title={Monty Hall Problem},
  author={Selvin, Steve},
  journal={American Statistician},
  volume={29},
  number={3},
  pages={134--134},
  year={1975},
  publisher={AMER STATISTICAL ASSOC 1429 DUKE ST, ALEXANDRIA, VA 22314}
}

@techreport{pep8,
  author  = {Guido van Rossum and Barry Warsaw and Nick Coghlan},
  title   = {Style Guide for {Python} Code},
  year    = {2001},
  type    = {PEP},
  number  = {8},
  url     = {https://www.python.org/dev/peps/pep-0008/},
}

@misc{Procida_Diataxis_documentation_framework,
author = {Procida, Daniele},
title = {{Di√°taxis documentation framework}},
url = {https://diataxis.fr/}
}

@book{saha2015doing,
  title={Doing Math with Python: Use Programming to Explore Algebra, Statistics, Calculus, and More!},
  author={Saha, Amit},
  year={2015},
  publisher={No starch press}
}

@book{bautista2014mathematics,
  title={Mathematics and Python Programming},
  author={Bautista, Jos{\'e} Carlos},
  year={2014},
  publisher={Lulu. com}
}

@book{morley2022applying,
  title={Applying Math with Python: Over 70 practical recipes for solving real-world computational math problems},
  author={Morley, Sam},
  year={2022},
  publisher={Packt Publishing Ltd}
}
