@book{fowler2018refactoring,
  title={Refactoring: improving the design of existing code},
  author={Fowler, Martin},
  year={2018},
  publisher={Addison-Wesley Professional}
}

@book{martin2009clean,
  title={Clean code: a handbook of agile software craftsmanship},
  author={Martin, Robert C},
  year={2009},
  publisher={Pearson Education}
}

@Book{martraire2019living,
    author = {Martraire, Cyrille},
    title = {Living documentation : continuous knowledge sharing by design},
    publisher = {Addison-Wesley},
    year = {2019},
    address = {Boston},
    isbn = {978-0134689326}
}

@book{oliveira2018pytest,
  title={pytest Quick Start Guide: Write better Python code with simple and maintainable tests},
  author={Oliveira, Bruno},
  year={2018},
  publisher={Packt Publishing Ltd}
}

@book{percival2014test,
  title={Test-driven development with Python: obey the testing goat: using Django, Selenium, and JavaScript},
  author={Percival, Harry},
  year={2014},
  publisher={" O'Reilly Media, Inc."}
}

@misc{matching-project,
   author = {The Matching library developers},
   title = {Matching: v1.4},
   year = {2020},
   doi = {10.5281/zenodo.4244776},
   url = {https://doi.org/10.5281/zenodo.4244776}
}

@book{gusfield1989stable,
  title={The stable marriage problem: structure and algorithms},
  author={Gusfield, Dan and Irving, Robert W},
  year={1989},
  publisher={MIT press}
}

@book{knight2022applied,
  title={Applied Mathematics with Open-source Software: Operational Research Problems with Python and R},
  author={Knight, Vincent and Palmer, Geraint},
  year={2022},
  publisher={CRC Press}
}
